<?xml version="1.0" encoding="UTF-8"?><collection xmlns="http://www.loc.gov/MARC21/slim"><record><leader>00400nam--2200145-i-4500</leader><controlfield tag="001">000049959</controlfield><controlfield tag="002">20161230</controlfield><controlfield tag="005">20170111001128</controlfield><controlfield tag="008">060222s1000------------r-----000-0-eng-d</controlfield><datafield ind1=" " ind2=" " tag="100"><subfield code="a">Babulevich,E.N</subfield></datafield><datafield ind1=" " ind2=" " tag="245"><subfield code="a">Sistema avtomaticheskogo puska reaktora irt iae an SSSR</subfield></datafield><datafield ind1=" " ind2=" " tag="260"><subfield code="a">Moskva</subfield><subfield code="b">Inst.Atomnoe Energii An SSSR</subfield><subfield code="c">1960</subfield></datafield><datafield ind1=" " ind2=" " tag="300"><subfield code="a">27 S.+ 10 Ris</subfield></datafield><datafield ind1=" " ind2=" " tag="852"><subfield code="a">6942</subfield></datafield><datafield ind1=" " ind2=" " tag="CAT"><subfield code="a">SYS</subfield><subfield code="c">20170111</subfield><subfield code="h">001128</subfield></datafield></record></collection>